% Encoding: UTF-8


@article{howell_kalleberg_2019,
  title={Declining job quality in the {U}nited {S}tates: {E}xplanations and evidence},
  author={Howell, David R and Kalleberg, Arne L},
  journal={RSF: The Russell Sage Foundation Journal of the Social Sciences},
  volume={5},
  number={4},
  pages={1--53},
  year={2019},
  publisher={RSF: The Russell Sage Foundation Journal of the Social Sciences}
}

@unpublished{abraham_houseman_2022,
  title={Contingent and Alternative Employment: {L}essons from the {Contingent Worker Supplement}, 1995--2017},
  note={Chief Evaluation Office, U.S. Department of Labor.},
  author={Abraham, Katharine G and Houseman, Susan N},
  year={2020}
}

@article{gao_2015,
  title={Contingent workforce: Size, characteristics, earnings, and benefits},
  author={Jeszeck, Charles and others},
  journal={US Government Accountability Office},
  volume={15},
  pages={1--74},
  year={2015}
}

@article{lane_etal_2003,
  title={Pathways to work for low-income workers: {T}he effect of work in the temporary help industry},
  author={Lane, Julia and Mikelson, Kelly S and Sharkey, Pat and Wissoker, Doug},
  journal={Journal of policy Analysis and management},
  volume={22},
  number={4},
  pages={581--598},
  year={2003},
  publisher={Wiley Online Library}
}

@article{katz_etal_2019,
  title={Understanding trends in alternative work arrangements in the United States},
  author={Katz, Lawrence F and Krueger, Alan B},
  journal={RSF: The Russell Sage Foundation Journal of the Social Sciences},
  volume={5},
  number={5},
  pages={132--146},
  year={2019},
  publisher={RSF: The Russell Sage Foundation Journal of the Social Sciences}
}

